<?xml version="1.0" encoding="UTF-8"?><record xmlns="http://www.loc.gov/MARC21/slim" xmlns:cinclude="http://apache.org/cocoon/include/1.0" xmlns:zs="http://www.loc.gov/zing/srw/">
  <leader>00764cz  a2200205n  4500</leader>
  <controlfield tag="001">no2004100732</controlfield>
  <controlfield tag="003">DLC</controlfield>
  <controlfield tag="005">20110510074859.0</controlfield>
  <controlfield tag="008">041018n| acaabaaan          |a ana     c</controlfield>
  <datafield tag="010" ind1=" " ind2=" ">
    <subfield code="a">no2004100732</subfield>
    <subfield code="z">n 2004014461</subfield>
    <subfield code="z">no2011040374</subfield>
  </datafield>
  <datafield tag="035" ind1=" " ind2=" ">
    <subfield code="a">(OCoLC)oca06471427</subfield>
  </datafield>
  <datafield tag="040" ind1=" " ind2=" ">
    <subfield code="a">ViU</subfield>
    <subfield code="b">eng</subfield>
    <subfield code="c">ViU</subfield>
    <subfield code="d">DLC</subfield>
  </datafield>
  <datafield tag="130" ind1=" " ind2="0">
    <subfield code="a">Grandi temi dell'architettura</subfield>
  </datafield>
  <datafield tag="430" ind1=" " ind2="0">
    <subfield code="a">NPL, i grandi temi dell'architettura</subfield>
  </datafield>
  <datafield tag="643" ind1=" " ind2=" ">
    <subfield code="a">Imperia</subfield>
    <subfield code="b">Edizioni Ennepilibri</subfield>
  </datafield>
  <datafield tag="644" ind1=" " ind2=" ">
    <subfield code="a">f</subfield>
    <subfield code="5">DLC</subfield>
    <subfield code="5">ViU</subfield>
  </datafield>
  <datafield tag="645" ind1=" " ind2=" ">
    <subfield code="a">t</subfield>
    <subfield code="5">DPCC</subfield>
    <subfield code="5">DLC</subfield>
    <subfield code="5">ViU</subfield>
  </datafield>
  <datafield tag="646" ind1=" " ind2=" ">
    <subfield code="a">s</subfield>
    <subfield code="5">DLC</subfield>
    <subfield code="5">ViU</subfield>
  </datafield>
  <datafield tag="670" ind1=" " ind2=" ">
    <subfield code="a">Il linguaggio architettonico degli archi di trionfo romani, c2000:</subfield>
    <subfield code="b">ser. t.p. (I Grandi temi dell'architettura)</subfield>
  </datafield>
  <datafield tag="670" ind1=" " ind2=" ">
    <subfield code="a">Il monumento all'arco nei trionfi dell'antica Roma, c2010:</subfield>
    <subfield code="b">ser. t.p. (NPL- i grandi temi dell'architettura)</subfield>
  </datafield>
</record>